@book{kruschke2014doing,
  title={Doing Bayesian data analysis: A tutorial with R, JAGS, and Stan},
  author={Kruschke, John},
  year={2014},
  publisher={Academic Press}
}

@book{lee2014bayesian,
  title={Bayesian cognitive modeling: A practical course},
  author={Lee, Michael D and Wagenmakers, Eric-Jan},
  year={2014},
  publisher={Cambridge University Press}
}

@article{wagenmakers2010bayesian,
  title={Bayesian hypothesis testing for psychologists: A tutorial on the Savage--Dickey method},
  author={Wagenmakers, Eric-Jan and Lodewyckx, Tom and Kuriyal, Himanshu and Grasman, Raoul},
  journal={Cognitive psychology},
  volume={60},
  number={3},
  pages={158--189},
  year={2010},
  publisher={Elsevier}
}

@inproceedings{plummer2003jags,
  title={JAGS: A program for analysis of Bayesian graphical models using Gibbs sampling},
  author={Plummer, Martyn and others},
  booktitle={Proceedings of the 3rd international workshop on distributed statistical computing},
  volume={124},
  pages={125},
  year={2003},
  organization={Technische Universit at Wien Wien, Austria}
}

@book{mcelreath2016statistical,
  title={Statistical Rethinking: A Bayesian Course with Examples in R and Stan},
  author={McElreath, Richard},
  volume={122},
  year={2016},
  publisher={CRC Press}
}
@online{rstan,
  author = {Stan Development Team},
  title = {RStan: the R interface to Stan, Version 2.9.0.},
  year = 2016,
  url = {http://mc-stan.org},
  urldate = {2016-04-12}
}

