@article{fernald2012individual,
  title={Individual differences in lexical processing at 18 months predict vocabulary growth in typically developing and late-talking toddlers},
  author={Fernald, Anne and Marchman, Virginia A},
  journal={Child development},
  volume={83},
  number={1},
  pages={203--222},
  year={2012},
  publisher={Wiley Online Library}
}

@article{hurtado2008does,
  title={Does input influence uptake? Links between maternal talk, processing speed and vocabulary size in Spanish-learning children},
  author={Hurtado, Nereyda and Marchman, Virginia A and Fernald, Anne},
  journal={Developmental science},
  volume={11},
  number={6},
  pages={F31--F39},
  year={2008},
  publisher={Wiley Online Library}
}

@article{fernald1998rapid,
  title={Rapid gains in speed of verbal processing by infants in the 2nd year},
  author={Fernald, Anne and Pinto, John P and Swingley, Daniel and Weinbergy, Amy and McRoberts, Gerald W},
  journal={Psychological Science},
  volume={9},
  number={3},
  pages={228--231},
  year={1998},
  publisher={SAGE Publications}
}

@article{snedeker2004developing,
  title={The developing constraints on parsing decisions: The role of lexical-biases and referential scenes in child and adult sentence processing},
  author={Snedeker, Jesse and Trueswell, John C},
  journal={Cognitive psychology},
  volume={49},
  number={3},
  pages={238--299},
  year={2004},
  publisher={Elsevier}
}

@article{fernald2001half,
  title={When half a word is enough: Infants can recognize spoken words using partial phonetic information},
  author={Fernald, Anne and Swingley, Daniel and Pinto, John P},
  journal={Child development},
  volume={72},
  number={4},
  pages={1003--1015},
  year={2001},
  publisher={Wiley Online Library}
}

@article{zangl2005dynamics,
  title={Dynamics of word comprehension in infancy: Developments in timing, accuracy, and resistance to acoustic degradation},
  author={Zangl, Renate and Klarman, Lindsay and Thal, Donna and Fernald, Anne and Bates, Elizabeth},
  journal={Journal of Cognition and Development},
  volume={6},
  number={2},
  pages={179--208},
  year={2005},
  publisher={Taylor \& Francis}
}

@article{zangl2007increasing,
  title={Increasing flexibility in children's online processing of grammatical and nonce determiners in fluent speech},
  author={Zangl, Renate and Fernald, Anne},
  journal={Language Learning and Development},
  volume={3},
  number={3},
  pages={199--231},
  year={2007},
  publisher={Taylor \& Francis}
}

@article{fernald2006picking,
  title={Picking up speed in understanding: Speech processing efficiency and vocabulary growth across the 2nd year.},
  author={Fernald, Anne and Perfors, Amy and Marchman, Virginia A},
  journal={Developmental psychology},
  volume={42},
  number={1},
  pages={98},
  year={2006},
  publisher={American Psychological Association}
}

@book{quine1960word,
  title={Word and object},
  author={Quine, Willard},
  year={1960},
  publisher={MIT press}
}

@article{hurtado2008does,
  title={Does input influence uptake? Links between maternal talk, processing speed and vocabulary size in Spanish-learning children},
  author={Hurtado, Nereyda and Marchman, Virginia A and Fernald, Anne},
  journal={Developmental science},
  volume={11},
  number={6},
  pages={F31--F39},
  year={2008},
  publisher={Wiley Online Library}
}

@article{lew2007young,
  title={Young children learning Spanish make rapid use of grammatical gender in spoken word recognition},
  author={Lew-Williams, Casey and Fernald, Anne},
  journal={Psychological Science},
  volume={18},
  number={3},
  pages={193--198},
  year={2007},
  publisher={SAGE Publications}
}

@article{marslen1989accessing,
  title={Accessing spoken words: The importance of word onsets.},
  author={Marslen-Wilson, William and Zwitserlood, Pienie},
  journal={Journal of Experimental Psychology: Human perception and performance},
  volume={15},
  number={3},
  pages={576},
  year={1989},
  publisher={American Psychological Association}
}